@online{DarkSKy,
    author={DarkSky},
    title={Dark Sky API},
    howpublished="\url{https://darksky.net/dev/docs}"
}

@online{SAM, 
    author={Natonal Renewable Energy Laboratory},
    title={Photovoltaic},
    howpublished="\url{https://sam.nrel.gov/photovoltaic.html}"
}

@misc{nasa, 
    title={SOLAR IRRADIANCE}, 
    howpublished="\url{https://www.nasa.gov/mission_pages/sdo/science/Solar Irradiance.html}", 
    journal={NASA}, 
    publisher={NASA}, 
    author={Dunbar, Brian}
}
